@article{Araus2014,
  title={Field high-throughput phenotyping: the new crop breeding frontier},
  author={Araus, Jos{\'e} Luis and Cairns, Jill E},
  journal={Trends in plant science},
  volume={19},
  number={1},
  pages={52--61},
  year={2014},
  publisher={Elsevier}
}

@INPROCEEDINGS{Cui2017,
author={Shuang {Cui} and Jyothir K. {Nimmagadda} and James E. {Baciak}},
booktitle={IEEE Nuclear Science Symposium and Medical Imaging Conference (NSS/MIC)},
title={Backscatter Radiography as a Non-Destructive Examination Tool for Concrete Structures},
year={2017},
pages={1-6},
}

@article{Fahlgren2015,
  title={Lights, camera, action: high-throughput plant phenotyping is ready for a close-up},
  author={Fahlgren, Noah and Gehan, Malia A and Baxter, Ivan},
  journal={Current opinion in plant biology},
  volume={24},
  pages={93--99},
  year={2015},
  publisher={Elsevier}
}

@inproceedings{Giuffrida2017,
  title={ARIGAN: synthetic Arabidopsis plants using generative adversarial network},
  author={Giuffrida, Mario Valerio and Scharr, Hanno and Tsaftaris, Sotirios A},
  booktitle={The IEEE International Conference on Computer Vision (ICCV)},
  year={2017}
}

@inproceedings{Goodfellow2014,
  title={Generative adversarial nets},
  author={Goodfellow, Ian and Pouget-Abadie, Jean and Mirza, Mehdi and Xu, Bing and Warde-Farley, David and Ozair, Sherjil and Courville, Aaron and Bengio, Yoshua},
  booktitle={Advances in Neural Information Processing Systems (NIPS)},
  pages={2672--2680},
  year={2014}
}

@InProceedings{Hong2018,
author = {Hong, Weixiang and Wang, Zhenzhen and Yang, Ming and Yuan, Junsong},
title = {Conditional Generative Adversarial Network for Structured Domain Adaptation},
booktitle = {The IEEE Conference on Computer Vision and Pattern Recognition (CVPR)},
month = {June},
year = {2018}
}

@InProceedings{Hui2018,
author = {Hui, Zheng and Wang, Xiumei and Gao, Xinbo},
title = {Fast and Accurate Single Image Super-Resolution via Information Distillation Network},
booktitle = {The IEEE Conference on Computer Vision and Pattern Recognition (CVPR)},
month = {June},
year = {2018}
}

@article{Hughes2015,
  title={An open access repository of images on plant health to enable the development of mobile disease diagnostics},
  author={Hughes, David and Salath{\'e}, Marcel and others},
  journal={arXiv preprint arXiv:1511.08060},
  year={2015}
}

@article{Kelley2019,
  title={Measurement of the modulation transfer function for a backscatter radiography system used in nondestructive examination},
  author={Kelley, Jessica and Cui, Shuang and Baciak, James},
  journal={Radiation Physics and Chemistry},
  volume={155},
  pages={202--208},
  year={2019},
  publisher={Elsevier}
}


@inproceedings{Ledig2017,
  author    = {Christian Ledig and Lucas Theis and Ferenc Huszar and Jose Caballero and Andrew Cunningham and Alejandro Acosta and Andrew P. Aitken and Alykhan Tejani and Johannes Totz and Zehan Wang and Wenzhe Shi},
  title = {Photo-Realistic Single Image Super-Resolution Using a Generative Adversarial Network},
  booktitle = {The IEEE Conference on Computer Vision and Pattern Recognition (CVPR)},
  year = {2017}
}

@ARTICLE{Mohanty2016,
AUTHOR={Mohanty, Sharada P. and Hughes, David P. and Salath√©, Marcel},
TITLE={Using Deep Learning for Image-Based Plant Disease Detection},
JOURNAL={Frontiers in Plant Science},
VOLUME={7},
PAGES={1419},
YEAR={2016}
}

@ARTICLE{Ramcharan2017,
AUTHOR={Ramcharan, Amanda and Baranowski, Kelsee and McCloskey, Peter and Ahmed, Babuali and Legg, James and Hughes, David P.},
TITLE={Deep Learning for Image-Based Cassava Disease Detection},      
JOURNAL={Frontiers in Plant Science},      
VOLUME={8},
PAGES={1852},
YEAR={2017}
}

@article{Singh2018,
title = "Deep Learning for Plant Stress Phenotyping: Trends and Future Perspectives",
journal = "Trends in Plant Science",
volume = "23",
number = "10",
pages = "883 - 898",
year = "2018",
author = "Asheesh Kumar Singh and Baskar Ganapathysubramanian and Soumik Sarkar and Arti Singh"
}

@INPROCEEDINGS{Tabb2018,
author={Ammy {Tabb} and Keith {Duncan} and Christopher N. {Topp}},
booktitle={IEEE Winter Conference on Applications of Computer Vision (WACV)},
title={Segmenting Root Systems in X-Ray Computed Tomography Images Using Level Sets},
year={2018},
pages={586-595},
}

@ARTICLE{Ubbens2017,
AUTHOR={Ubbens, Jordan R. and Stavness, Ian},   
TITLE={Deep Plant Phenomics: A Deep Learning Platform for Complex Plant Phenotyping Tasks},      
JOURNAL={Frontiers in Plant Science},      
VOLUME={8},      
PAGES={1190},     
YEAR={2017}
}

@article{Yamamoto2017,
  title={Super-resolution of plant disease images for the acceleration of image-based phenotyping and vigor diagnosis in agriculture},
  author={Yamamoto, Kyosuke and Togami, Takashi and Yamaguchi, Norio},
  journal={Sensors},
  volume={17},
  number={11},
  pages={2557},
  year={2017},
  publisher={Multidisciplinary Digital Publishing Institute}
}

@InProceedings{Zeyde2012,
author="Zeyde, Roman and Elad, Michael
and Protter, Matan",
editor="Boissonnat, Jean-Daniel and Chenin, Patrick and Cohen, Albert and Gout, Christian and Lyche, Tom and Mazure, Marie-Laurence and Schumaker, Larry",
title="On Single Image Scale-Up Using Sparse-Representations",
booktitle="Curves and Surfaces",
year="2012",
publisher="Springer Berlin Heidelberg",
address="Berlin, Heidelberg",
pages="711--730",
}

@ARTICLE{Zhang2012,
author={H. {Zhang} and Y. {Zhang} and H. {Li} and T. S. {Huang}},
journal={IEEE Transactions on Image Processing},
title={Generative Bayesian Image Super Resolution With Natural Image Prior},
year={2012},
volume={21},
number={9},
pages={4054-4067}}